Dataset used with ETEOIC code :
@article{liu2020unified,
  title={A Unified End-to-End Framework for Efficient Deep Image Compression},
  author={Liu, Jiaheng and Lu, Guo and Hu, Zhihao and Xu, Dong},
  journal={arXiv preprint arXiv:2002.03370},
  year={2020}
}


timm module (SRNet.py)
@misc{rw2019timm,
  author = {Ross Wightman},
  title = {PyTorch Image Models},
  year = {2019},
  publisher = {GitHub},
  journal = {GitHub repository},
  doi = {10.5281/zenodo.4414861},
  howpublished = {\url{https://github.com/rwightman/pytorch-image-models}}
}

Definition of steganography and LSB modification
@PHDTHESIS{berna2021,
url = "http://www.theses.fr/2021CLIL0018",
title = "Stéganographie d’images numériques via l’utilisation de réseaux de neurones sous présence d’un adversaire",
author = "Bernard, Solène",
year = "2021",
note = "Thèse de doctorat dirigée par Bas, Patrick et Klein, John Automatique, génie informatique, traitement du signal et des images Centrale Lille Institut 2021",
note = "2021CLIL0018",
url = "http://www.theses.fr/2021CLIL0018/document",
}